<?xml version='1.0' encoding='UTF-8'?>
<record xmlns="http://www.loc.gov/MARC21/slim">
  <leader>01503cam a2200349 a 4500</leader>
  <controlfield tag="001">2749064</controlfield>
  <controlfield tag="003">NjP</controlfield>
  <controlfield tag="005">20171010171640.0</controlfield>
  <controlfield tag="008">860801s1970    iq           f000 0 ara  </controlfield>
  <datafield tag="024" ind1="7" ind2=" ">
    <subfield code="a">princeton_aco002222</subfield>
    <subfield code="2">local</subfield>
  </datafield>
  <datafield ind1=" " ind2=" " tag="010">
    <subfield code="a">   72227762 </subfield>
  </datafield>
  <datafield ind1=" " ind2=" " tag="035">
    <subfield code="a">(OCoLC)ocn178139892</subfield>
  </datafield>
  <datafield ind1=" " ind2=" " tag="035">
    <subfield code="a">(OCoLC)ocm13999580</subfield>
  </datafield>
  <datafield ind1=" " ind2=" " tag="040">
    <subfield code="a">DLC</subfield>
    <subfield code="c">PUL</subfield>
    <subfield code="d">PUL</subfield>
  </datafield>
  <datafield ind1=" " ind2=" " tag="035">
    <subfield code="a">(OCoLC)178139892</subfield>
  </datafield>
  <datafield ind1=" " ind2=" " tag="035">
    <subfield code="9">CNE0819TS</subfield>
  </datafield>
  <datafield ind1=" " ind2=" " tag="035">
    <subfield code="a">(NjP)2749064</subfield>
  </datafield>
  <datafield ind1="0" ind2=" " tag="041">
    <subfield code="a">araeng</subfield>
  </datafield>
  <datafield ind1=" " ind2=" " tag="050">
    <subfield code="a">DS70</subfield>
    <subfield code="b">.A49</subfield>
  </datafield>
  <datafield ind1=" " ind2=" " tag="079">
    <subfield code="a">ocm13999580</subfield>
  </datafield>
  <datafield ind1=" " ind2=" " tag="049">
    <subfield code="a">PULL</subfield>
  </datafield>
  <datafield ind1="0" ind2="3" tag="245">
    <subfield code="6">880-01</subfield>
    <subfield code="a">al-Mawāqiʻ al-atharīyah fī al-ʻIrāq =</subfield>
    <subfield code="b">Archaeological sites in Iraq.</subfield>
  </datafield>
  <datafield ind1="3" ind2="1" tag="246">
    <subfield code="a">Archaeological sites in Iraq</subfield>
  </datafield>
  <datafield ind1=" " ind2=" " tag="260">
    <subfield code="6">880-02</subfield>
    <subfield code="a">Baghdād :</subfield>
    <subfield code="b">al-Jumhūrīyah al-ʻIrāqīyah, Wizārat al-Thaqāfah wa-al-Iʻlām, Mudīrīyat al-Āthār al-ʻĀmmah,</subfield>
    <subfield code="c">1970.</subfield>
  </datafield>
  <datafield ind1=" " ind2=" " tag="300">
    <subfield code="a">385 p. ;</subfield>
    <subfield code="c">33 cm.</subfield>
  </datafield>
  <datafield ind1=" " ind2=" " tag="500">
    <subfield code="a">Bound back to back, with translation on inverted pages.</subfield>
  </datafield>
  <datafield ind1=" " ind2="0" tag="650">
    <subfield code="a">Excavations (Archaeology)</subfield>
    <subfield code="z">Iraq.</subfield>
    <subfield code="0">http://id.loc.gov/authorities/subjects/sh85046146</subfield>
  </datafield>
  <datafield ind1="1" ind2=" " tag="710">
    <subfield code="6">880-03</subfield>
    <subfield code="a">Iraq.</subfield>
    <subfield code="b">Mudīrīyat al-Āthār al-ʻĀmmah.</subfield>
    <subfield code="0">http://id.loc.gov/authorities/names/n50065561</subfield>
  </datafield>
  <datafield ind1="0" ind2="2" tag="880">
    <subfield code="6">245-01/r</subfield>
    <subfield code="a">المواقع الاثرية في العراق =</subfield>
    <subfield code="b">Archaeological sites in Iraq.</subfield>
  </datafield>
  <datafield ind1=" " ind2=" " tag="880">
    <subfield code="6">260-02/r</subfield>
    <subfield code="a">بغداد :</subfield>
    <subfield code="b">الجمهورية العراقية، وزارة الثقافة والاعلام، مديرية الاثار العامة،</subfield>
    <subfield code="c">1970.</subfield>
  </datafield>
  <datafield ind1="1" ind2=" " tag="880">
    <subfield code="6">710-03/r</subfield>
    <subfield code="a">Iraq.</subfield>
    <subfield code="b">مديرية الاثار العامة.</subfield>
  </datafield>
  <datafield ind1=" " ind2=" " tag="911">
    <subfield code="a">20000130</subfield>
  </datafield>
  <datafield ind1=" " ind2=" " tag="994">
    <subfield code="a">C0</subfield>
    <subfield code="b">PUL</subfield>
  </datafield>
  <datafield ind1=" " ind2=" " tag="999">
    <subfield code="a">2749064</subfield>
  </datafield>
  <datafield ind1="0" ind2="0" tag="852">
    <subfield code="0">3059769</subfield>
    <subfield code="b">nec</subfield>
    <subfield code="t">1</subfield>
    <subfield code="c">Oversize</subfield>
    <subfield code="h">DS70</subfield>
    <subfield code="i">.M393 1970q</subfield>
  </datafield>
  <datafield ind1=" " ind2=" " tag="959">
    <subfield code="a">2009-02-16 15:52:30 -0400</subfield>
  </datafield>
</record>
